<?xml version="1.0" encoding="UTF-8"?><collection xmlns="http://www.loc.gov/MARC21/slim"><record><leader>00537nam--2200181-i-4500</leader><controlfield tag="001">000028127</controlfield><controlfield tag="002">20161230</controlfield><controlfield tag="005">20161230201037</controlfield><controlfield tag="008">060222s1000------------r-----000-0-eng-d</controlfield><datafield ind1=" " ind2=" " tag="040"><subfield code="a">IFIN-HH</subfield></datafield><datafield ind1=" " ind2=" " tag="080"><subfield code="a">512.817:515.178</subfield></datafield><datafield ind1="1" ind2=" " tag="100"><subfield code="a">Lehner, Joseph</subfield></datafield><datafield ind1="1" ind2="0" tag="245"><subfield code="a">Discontinuous groups and automorphic functions</subfield><subfield code="c">Joseph lehner</subfield></datafield><datafield ind1=" " ind2=" " tag="260"><subfield code="a">Providence, Rhode Island</subfield><subfield code="b">American Mathematical Society</subfield><subfield code="c">1964</subfield></datafield><datafield ind1=" " ind2=" " tag="300"><subfield code="a">XI + 425P</subfield></datafield><datafield ind1=" " ind2=" " tag="490"><subfield code="a">Mathematical Surveys</subfield><subfield code="v">Number Viii</subfield></datafield><datafield ind1=" " ind2=" " tag="852"><subfield code="a">22743</subfield><subfield code="c">519.4/5</subfield></datafield><datafield ind1=" " ind2=" " tag="CAT"><subfield code="a">Sys</subfield><subfield code="c">20130809</subfield><subfield code="h">151906</subfield></datafield></record></collection>